4212 5558
1068 618 1148 688 XIV

537 825 634 909 bum
662 853 747 910 eam
776 844 921 934 partem
952 825 1038 908 libri
1070 826 1150 928 (fol.
1179 829 1305 912 A-D
1334 835 1385 932 2),
1420 857 1507 936 quae
1540 849 1597 914 est
1624 831 1671 914 de

538 1002 641 1058 nova
678 957 808 1076 stella,¹
836 975 995 1058 omissis
1032 993 1165 1059 tamen
1207 977 1444 1085 astrologicis
1484 979 1672 1080 pcaetera

537 1151 623 1232 quae
650 1123 944 1231 praedictionem
972 1123 1239 1231 astrologicam
1263 1126 1515 1209 continebant
1534 1128 1671 1212 volens

537 1272 755 1380 relinquo«)
789 1291 827 1354 et
862 1272 1041 1355 correctis
1074 1272 1305 1379 quibusdam
1338 1275 1511 1358 numeris
1539 1277 1672 1360 minus

536 1439 708 1504 accurate
741 1420 974 1526 computatis
1010 1424 1026 1522 (
1028 1456 1148 1504 .....
1156 1447 1238 1504 non
1273 1420 1416 1530 ubique
1450 1423 1539 1506 satis
1572 1451 1672 1507 scru-

537 1568 715 1676 pulosam
742 1566 990 1676 adhibueram
1019 1568 1270 1676 diligentiam,
1306 1569 1410 1654 unde
1443 1568 1672 1656 factumest

537 1717 644 1825 quod
670 1717 782 1800 latera
808 1736 846 1799 et
871 1716 1003 1822 anguli
1031 1744 1318 1825 nonnunquam
1346 1719 1473 1827 paullo
1502 1717 1607 1803 aliter
1630 1748 1671 1804 se

537 1865 750 1966 habuerint,
799 1892 915 1971 quatn
963 1865 1039 1949 illic
1086 1865 1391 1972 assignabantur;
1439 1866 1670 1974 quibusdam

512 2015 652 2096 ,etiam
671 2013 767 2096 vitio
787 2013 1013 2121 typographi
1036 2013 1255 2121 depravatis,
1277 2042 1364 2121 quae
1382 2033 1513 2098 tamen
1535 2017 1672 2100 omnia

537 2163 734 2268 praemissa
772 2162 901 2270 scripti
941 2163 1168 2269 repetitione
1205 2165 1246 2245 in
1283 2164 1477 2269 integrum
1512 2166 1697 2247 restitui·

536 2316 677 2413 mus«).
750 2311 828 2392 Has
873 2311 1142 2411 correctiones,
1183 2338 1270 2418 quae
1309 2312 1425 2394 etiam
1460 2289 1500 2394 in
1535 2312 1671 2396 codice

534 2457 837 2541 Vindobonensi
881 2483 1003 2564 10932
1050 2479 1115 2541 aut
1160 2459 1200 2542 in
1250 2460 1422 2565 margine
1469 2480 1533 2543 aut
1572 2461 1672 2543 inter

536 2606 656 2690 lineas
689 2635 807 2690 manu
840 2607 1050 2713 posteriore
1076 2607 1214 2691 additae
1241 2626 1343 2708 sunt,
1377 2608 1417 2690 in
1446 2606 1516 2691 hac
1543 2627 1671 2692 nostra

537 2754 708 2837 editione
743 2755 784 2837 in
818 2753 915 2836 folio
942 2755 1071 2862 ipsum
1098 2755 1240 2839 librum
1268 2756 1443 2863 sequenti
1471 2756 1670 2840 collocavi·

539 2929 627 2985 mus
673 2902 790 2985 simul
835 2930 927 2986 cum
974 2903 1057 2986 aliis
1101 2904 1424 3004 correctionibus,
1474 2931 1566 3011 quas
1606 2923 1671 2986 aut

536 3050 692 3133 collatio
719 3050 866 3134 codicis
897 3078 1020 3158 10932
1048 3071 1112 3134 aut
1138 3053 1190 3134 rei
1219 3053 1315 3135 ratio
1341 3069 1512 3135 accurate
1531 3053 1670 3135 exami-

537 3218 625 3282 nata
649 3198 802 3298 obtulit,
830 3200 988 3282 omissis
1015 3219 1146 3283 tamen
1175 3199 1365 3282 enoribus
1386 3201 1670 3306 typographicis

536 3349 639 3456 parvi
674 3349 870 3430 momenti
904 3368 942 3430 et
968 3350 1034 3456 qui
1067 3349 1197 3433 statim
1231 3366 1431 3455 appareant
1457 3367 1495 3430 et
1529 3349 1575 3430 iis
1602 3349 1668 3455 qui

534 3496 612 3601 jam
640 3496 681 3578 in
708 3495 846 3578 ultima
871 3496 1008 3602 pagina
1033 3477 1154 3603 ipsius
1181 3496 1266 3578 libri
1294 3496 1523 3580 indicantur.

621 3643 735 3726 Liber
767 3649 824 3722 Da
857 3649 960 3724 Nouo
994 3649 1105 3724 Stella
1142 3645 1182 3726 in
1220 3643 1289 3728 hac
1331 3664 1461 3728 nostra
1494 3643 1665 3726 editione

534 3819 610 3900 ope
637 3793 725 3875 artis
752 3792 1065 3899 photographicae
1090 3811 1380 3899 repraesentatus
1401 3812 1438 3875 et
1459 3793 1668 3899 impressus

535 3959 602 4040 est,
637 3942 688 4024 ita
713 3959 756 4023 ut
782 3941 988 4047 archetypo
1015 3968 1169 4048 prorsus
1195 3941 1334 4023 similis
1360 3941 1420 4040 sit,
1459 3941 1534 4022 nisi
1561 3938 1668 4047 quod

535 4088 644 4171 color
669 4065 870 4171 atramenti
896 4088 1053 4172 fortasse
1080 4088 1293 4196 paullulum
1321 4086 1457 4170 differt.

619 4236 883 4342 Adiunximus
924 4236 1014 4320 huic
1054 4236 1218 4319 editioni
1251 4254 1385 4342 praeter
1425 4235 1501 4318 hoc
1537 4235 1666 4342 ipsum

534 4385 796 4492 prooemium,
833 4384 939 4492 quod
966 4385 1145 4490 concepit
1171 4385 1216 4468 C.
1244 4385 1284 4467 F.
1312 4383 1478 4466 Pechule
1504 4382 1663 4466 sodalis:
