4212 5558
1094 672 1168 741 VIII

567 881 698 964 emisit
723 879 863 987 Tycbo
895 882 1098 964 etiamtum
1132 881 1300 986 juvenis3
1336 899 1447 962 natus
1481 881 1589 962 enim
1623 898 1700 962 erat

568 1028 630 1111 die
665 1029 758 1110 XIV
792 1027 1020 1110 Decembris
1062 1029 1201 1110 veteris
1235 1027 1311 1110 stili
1346 1029 1440 1110 anni
1475 1028 1696 1111 MDXLVI.

566 1179 694 1284 Itaque
731 1177 771 1257 in
801 1204 850 1259 eo
876 1177 997 1259 lector
1024 1177 1166 1283 peritus
1193 1176 1314 1282 ipsius
1339 1175 1465 1258 verbis
1491 1175 1697 1283 Tycbonis

567 1326 690 1432 prima
732 1326 838 1432 quasi
874 1326 1049 1431 germina
1083 1352 1235 1431 magnae
1270 1325 1521 1407 astronomiae
1557 1325 1696 1405 instau-

566 1473 726 1557 rationis
764 1473 811 1555 ab
851 1501 900 1556 eo
940 1493 1072 1580 postea
1110 1473 1278 1557 fundatae
1315 1473 1490 1578 agnoscit
1524 1473 1696 1572 edoctus

566 1641 706 1728 quanta
732 1621 879 1725 ingenii
907 1623 1121 1705 maturitate
1149 1621 1210 1705 ille
1237 1622 1313 1728 jam
1340 1641 1435 1704 tunc
1462 1620 1698 1727 problemata

566 1770 828 1853 astronomica
861 1796 1055 1874 aggressus
1090 1771 1150 1869 sit,
1197 1771 1334 1853 omnia
1364 1767 1697 1853 observationibus

565 1919 738 2002 tribuens
774 1937 813 2000 et
856 1945 1002 2002 »caecos
1036 1917 1134 2000 coeli
1169 1938 1420 2024 spectatores«
1459 1945 1576 2025 eaque
1612 1944 1697 2024 quae

573 2093 677 2150 »non
726 2066 816 2149 satis
860 2067 940 2149 suis
991 2067 1164 2149 numeris
1211 2085 1406 2149 constare«
1461 2066 1699 2149 arbitraretur

567 2234 797 2322 aspernatus,
838 2216 879 2297 in
920 2215 968 2298 iis
1007 2242 1162 2322 quoque
1198 2242 1284 2323 quae
1322 2233 1417 2297 tunc
1449 2216 1637 2322 temporis
1676 2243 1698 2297 a

567 2364 738 2446 siderum
765 2363 979 2468 aspectibus
1006 2362 1220 2469 dependere
1238 2363 1476 2469 putabantur,
1506 2383 1698 2445 meteoro-

566 2512 702 2616 logicis
741 2510 886 2594 scilicet
925 2530 963 2592 et
1002 2510 1251 2616 astrologicis,
1292 2511 1398 2618 quod
1440 2511 1600 2593 nonnisi
1633 2538 1699 2617 per

574 2659 890 2765 »experientiam«
909 2660 1107 2742 continuis
1125 2659 1459 2743 observationibus
1472 2660 1696 2766 acquisitam

564 2807 651 2890 sciri
681 2827 821 2914 posset,
854 2808 1081 2916 »quomodo
1102 2810 1296 2915 superiora
1320 2829 1416 2892 astra
1435 2835 1527 2892 curn
1546 2808 1699 2892 inferio·

563 2957 668 3039 ribus
704 2957 1005 3040 consentirent«.
1061 2958 1238 3064 Apparet,
1274 2984 1391 3065 quam
1426 2976 1534 3040 caute
1568 2957 1615 3039 de
1652 2958 1699 3039 iis

565 3132 651 3212 quae
688 3105 868 3188 nondum
905 3107 985 3188 suis
1018 3105 1354 3189 observationibus
1389 3106 1697 3212 comprobaverit

565 3254 796 3336 sententiam
824 3251 999 3358 proferat,
1028 3254 1132 3336 velut
1159 3253 1206 3336 de
1234 3254 1414 3337 distantia
1439 3273 1697 3352 cometarum;
1803 3304 1805 3308 -

571 3403 679 3485 »Deo
716 3401 867 3500 dante«,
903 3401 1039 3508 inquit,
1068 3371 1324 3508 &aliquando
1359 3403 1391 3485 si
1427 3422 1558 3487 nostra
1591 3422 1699 3486 aetate

566 3549 701 3656 aliquis
728 3549 892 3632 extiterit
912 3567 1076 3650 cometa,
1106 3550 1187 3656 ejus
1206 3551 1260 3632 rei
1281 3551 1551 3634 certitudinem
1576 3551 1699 3658 inqui·

566 3725 730 3780 remus«
784 3697 951 3804 Apparet
971 3726 1088 3805 quam
1106 3698 1252 3783 fervido
1273 3726 1405 3783 amore
1420 3701 1574 3784 Uraniae
1594 3727 1700 3782 com-

567 3865 700 3929 motus
718 3846 841 3947 fuerit,
870 3849 921 3929 ita
941 3866 984 3929 ut
1012 3875 1083 3930 nec
1110 3849 1252 3931 »natale
1276 3849 1427 3930 solum«
1454 3876 1525 3931 nec
1549 3847 1700 3931 »dulces

567 3996 703 4078 amici«
727 4022 818 4078 eum
838 3996 998 4078 retinere
1017 4017 1187 4102 possent,
1207 3997 1238 4079 si
1258 3997 1414 4103 quando
1432 3996 1532 4104 apud
1551 4015 1700 4079 exteros

569 4143 755 4249 majorem
787 4171 872 4226 eam
908 4144 1061 4227 colendi
1089 4144 1305 4228 facultatem
1333 4145 1559 4228 inventurus
1587 4162 1695 4227 esset.

651 4290 845 4376 Nondum
883 4293 990 4376 eninr
1025 4292 1165 4399 Tycbo
1197 4321 1218 4376 a
1249 4297 1435 4373 Fra‘dorr'ao
1468 4297 1518 4371 H
1562 4293 1698 4374 Daniae

566 4465 652 4546 rege
686 4439 804 4523 feudo
840 4440 977 4524 insulae
1004 4443 1117 4524 Hven
1153 4441 1306 4525 dotatus
1341 4461 1429 4544 erat,
1464 4440 1531 4522 ubi
1567 4459 1699 4547 postea
