4212 5558
962 629 1027 698 XV

515 841 551 938 1)
591 836 794 943 Exemplar
833 835 971 942 effigiei
1003 836 1207 945 Tychonis
1246 839 1287 921 in
1329 838 1558 922 collectione

426 986 643 1092 imaginum
681 1011 764 1068 aere
802 1011 1027 1067 excusatum
1063 987 1278 1073 Hauniensi
1312 1006 1556 1070 conservatae.

425 1133 520 1215 Haec
547 1132 703 1239 effigies,
731 1161 817 1241 quae
845 1133 992 1216 calamo
1021 1133 1206 1216 delineata
1232 1154 1289 1217 est
1311 1155 1348 1218 et
1368 1163 1446 1218 rara
1467 1135 1560 1218 line-

426 1306 535 1362 arum
558 1282 740 1364 suavitate
760 1281 919 1381 excellit,
948 1310 969 1363 a
986 1281 1236 1388 quisbusdam
1263 1287 1396 1363 (lotario
1417 1284 1559 1365 Batavo

425 1428 614 1530 tribuitur,
650 1428 696 1512 ab
730 1429 813 1512 aliis
839 1447 968 1512 autern
1000 1434 1233 1530 omnlino,
1267 1432 1403 1538 pictori
1430 1432 1560 1538 Augu·

426 1595 551 1674 stano,
578 1604 695 1684 quem
723 1577 863 1685 Tycbo
891 1579 931 1660 in
961 1579 1128 1661 Daniam
1155 1579 1369 1664 adduxerat.

510 1731 550 1828 2)
585 1725 760 1808 Indicem
792 1753 942 1827 eorum,
984 1754 1071 1834 quae
1110 1728 1334 1835 corrigenda
1373 1747 1476 1829 sunt,
1517 1747 1560 1812 ut

424 1899 537 1980 supra
556 1872 843 1979 explicavimus.
885 1874 1000 1957 Ordo
1020 1875 1206 1959 loliorum
1220 1876 1306 1960 libri
1320 1895 1393 1961 est:
1423 1880 1486 1980 ((:))
1508 1923 1560 1938 -

422 2032 493 2116 (:)2
520 2068 573 2080 -
596 2034 665 2128 (:)3
695 2069 748 2082 —
773 2027 822 2124 ((:)
846 2023 1048 2126 ultimum)
1070 2071 1122 2084 -
1136 2036 1182 2118 (::)
1198 2071 1250 2084 -
1265 2036 1347 2122 (elz
1375 2026 1430 2128 (in
1459 2026 1559 2109 libro
1719 2077 1721 2082 ·

425 2196 550 2254 errore
563 2178 623 2275 (::))
635 2184 776 2279 -(::)3
800 2219 852 2232 -
873 2177 933 2274 ((::)
945 2171 1029 2275 ult.)
1049 2219 1101 2232 -
1120 2172 1156 2254 A
1177 2220 1230 2232 -
1248 2173 1322 2256 Aa
1343 2220 1396 2232 -
1412 2174 1450 2256 A
1466 2201 1484 2281 3
1507 2222 1560 2234 —

425 2320 477 2421 (A
492 2321 576 2423 ult.)
595 2368 648 2380 -
668 2322 699 2403 B
719 2368 771 2380 -
790 2322 858 2404 Ba
879 2367 932 2380 —
949 2321 1014 2427 133
1038 2367 1091 2380 -
1109 2322 1156 2423 (Β
1170 2320 1255 2424 ult.)
1276 2341 1364 2422 etc.;
1391 2322 1560 2406 secunda

425 2469 561 2575 pagina
586 2469 830 2576 singulorum
858 2469 1045 2552 foliorum
1074 2489 1243 2553 notatur:
1272 2470 1366 2555 facie
1394 2498 1430 2554 2.

514 2622 550 2723 3)
589 2623 647 2697 Til
672 2624 815 2698 Douka
840 2625 991 2717 Lucere,
1022 2618 1220 2726 epilogum
1253 2618 1384 2726 lingua
1410 2620 1558 2704 Danica

422 2765 621 2872 scriptum,
656 2767 696 2848 in
731 2794 810 2873 quo
844 2766 1003 2850 historia
1032 2759 1118 2849 libri
1144 2768 1301 2875 ejusque
1327 2795 1484 2852 summa
1509 2769 1556 2852 ad

422 2912 647 3020 popularem
674 2915 967 3022 intelligentiam
990 2914 1285 2998 accommodate
1307 2935 1556 3024 exponuntur

423 3061 619 3168 (concepit
645 3062 689 3146 C.
718 3064 757 3146 F.
786 3062 979 3165 Pechr'rle).

508 3215 549 3314 4)
582 3211 789 3319 Specimen
825 3236 965 3294 manus
997 3210 1201 3319 Tychonis
1235 3239 1256 3294 e
1292 3213 1556 3320 manuscripto

422 3358 866 3467 Vindobonensi10932
888 3387 963 3467 ope
984 3361 1071 3444 artis
1091 3359 1404 3469 photographicae
1425 3388 1556 3469 reprae·

422 3525 616 3589 sentatum
644 3512 694 3609 (v.
722 3507 788 3591 iol.
817 3509 889 3596 Ha
915 3508 984 3592 lac.
1013 3511 1127 3592 2—H
1145 3514 1194 3615 3).

510 3655 658 3739 Gratias
685 3684 802 3764 quam
831 3657 1017 3739 maximas
1043 3658 1194 3763 agimus
1214 3654 1400 3764 praefectis
1422 3655 1557 3740 biblio·

421 3803 545 3885 thecae
584 3801 791 3911 imperialis
830 3803 1157 3888 Vindobonensis·
1199 3803 1251 3887 ob
1295 3802 1555 3889 liberalitatem

422 3950 810 4060 benevolentiamque
846 3952 1090 4058 singularem,
1134 3981 1209 4061 qua
1251 3952 1406 4036 codices
1445 3981 1558 4061 supra

424 4120 758 4184 commemoratos
792 4119 970 4184 nostrum
1006 4103 1046 4184 in
1073 4129 1190 4185 usum
1218 4083 1414 4185 Hauniam
1441 4120 1557 4186 trans·

424 4249 624 4349 miserunt,
679 4249 773 4331 item
821 4247 1006 4356 praefectis
1052 4248 1296 4332 bibliothecae
1342 4249 1471 4356 Regiae
1519 4269 1556 4334 et

424 4396 672 4480 bibliothecae
693 4396 960 4480 Universitatis
979 4397 1278 4497 Hauniensium
1306 4396 1412 4504 quod
1438 4424 1556 4480 usum
