4212 5558
969 615 1016 682 IX

426 849 492 930 per
524 823 619 906 XXI
652 848 779 905 annos
811 821 873 923 (ab
906 849 1012 905 anno
1045 821 1293 904 MDLXXVI
1326 820 1373 903 ad
1407 848 1557 903 annum

425 971 798 1073 MDLXXXXVII)‚
825 970 908 1053 aliis
935 997 1089 1078 quoque
1116 968 1298 1052 subsidiis
1317 968 1363 1051 ab
1382 969 1449 1052 illo
1470 998 1556 1078 rege

425 1137 462 1202 et
481 1120 692 1202 Maecenate
719 1147 793 1202 suo
815 1118 913 1223 large
940 1119 1158 1218 instructus,
1186 1117 1447 1201 observatorio
1467 1146 1557 1225 prae-

425 1267 527 1351 claro
567 1267 811 1374 Uraniburgo
858 1294 950 1350 cum
993 1266 1141 1373 adjecto
1182 1265 1425 1372 Stelloburgo
1465 1295 1556 1351 con-

425 1433 570 1498 structo
616 1434 654 1499 et
699 1415 967 1500 instrumentis
1006 1443 1028 1497 a
1065 1442 1106 1497 se
1146 1415 1367 1522 excogitatis
1401 1417 1556 1499 munito

426 1563 615 1670 plurimos
650 1565 737 1649 illos
772 1565 919 1650 labores
952 1563 999 1648 ad
1033 1565 1313 1648 astronomiam
1349 1565 1556 1676 instauran-

425 1711 515 1795 dam
542 1713 708 1820 perfecit.

512 1861 565 1943 At
595 1861 642 1944 de
675 1861 750 1944 vita
776 1879 814 1944 et
839 1860 1033 1944 laboribus
1059 1860 1263 1968 Tychonis
1291 1861 1472 1944 disserere
1493 1861 1557 1944 bic

426 2007 680 2092 nibilattinet.
703 2010 763 2091 De
773 2009 849 2092 vita
861 2010 941 2114 ejus
955 2009 1148 2116 imprimis
1160 2007 1312 2090 abunde
1325 2009 1557 2115 scripserunt

425 2156 541 2239 latine
572 2161 747 2236 omenti
772 2156 923 2239 Parisiis
954 2161 1052 2263 1654
1078 2179 1116 2238 et
1138 2158 1255 2261 Hagae
1281 2160 1391 2264 1655,
1419 2155 1554 2240 danice

423 2309 468 2387 F.
478 2310 523 2383 R.
534 2307 634 2384 Fm‘is
648 2305 812 2388 Hauniae
826 2308 935 2412 1871,
950 2305 1096 2411 anglice
1108 2309 1144 2384 J.
1156 2310 1200 2384 L.
1212 2311 1258 2384 E.
1270 2309 1421 2404 Drayar,
1437 2307 1556 2389 socie·

425 2453 512 2537 tatis
527 2472 668 2536 nostrae
682 2453 836 2554 sodalis,
847 2453 1059 2558 Edinburgi
1074 2456 1183 2558 1890,
1202 2454 1310 2560 cujus
1324 2480 1423 2559 opus
1438 2454 1555 2536 etiam

421 2603 640 2707 germanice
663 2603 902 2708 interpretata
926 2620 982 2684 est
999 2603 1119 2685 Maria
1136 2601 1290 2684 Bruhns
1310 2602 1555 2686 Caroliruhae

427 2753 536 2856 1894.
611 2751 795 2834 Praeterea
833 2750 881 2833 de
920 2751 1102 2857 operibus
1140 2750 1345 2858 Tychonis
1384 2771 1554 2834 accurate

422 2898 572 3006 scripsit
611 2899 710 2981 inter
743 2897 890 2982 multos
922 2899 1018 2982 alios
1050 2903 1240 2978 Delambre
1283 2898 1470 3000 (Histoire
1506 2899 1554 2982 de

421 3047 687 3130 l'astronomie
702 3046 890 3130 modeme
904 3049 921 3130 1
935 3074 1016 3153 pag.
1036 3050 1253 3152 148-261)
1273 3046 1425 3129 Parisiis
1443 3050 1553 3131 1821.

423 3195 539 3302 Opus
565 3194 723 3302 Dreyeri
750 3195 857 3303 quod
884 3222 996 3301 supra
1021 3195 1225 3278 citavimus
1254 3213 1388 3302 praeter
1414 3194 1554 3302 disqui-

422 3343 609 3426 sitionem
637 3361 853 3426 ceterorum
880 3371 1044 3450 operum
1073 3342 1277 3450 Tychonis
1304 3341 1419 3425 etiam
1448 3367 1554 3427 com·

424 3491 658 3573 trientarium
708 3491 797 3574 satis
843 3491 1018 3599 amplum
1065 3491 1151 3574 libri
1197 3495 1255 3569 Dc
1293 3493 1403 3570 Nova
1443 3495 1554 3570 Stella

422 3638 609 3722 continet.
676 3639 736 3722 De
776 3667 855 3746 quo
894 3638 993 3723 libro
1033 3657 1071 3722 et
1109 3638 1158 3721 de
1198 3638 1267 3721 bac
1308 3658 1439 3722 nostra
1473 3640 1554 3745 eius

422 3785 594 3870 editione
621 3787 697 3870 hoc
724 3787 814 3870 loco
841 3787 1018 3895 quaedam
1045 3787 1273 3893 subjungere
1300 3787 1389 3870 satis
1415 3804 1482 3870 est.

507 3935 577 4018 Est
610 3936 724 4041 igitur
755 3936 788 4018 is
814 3935 919 4036 liber,
954 3937 1063 4041 cujus
1088 3935 1229 4043 Tycho
1256 3935 1298 4018 in
1324 3939 1554 4016 aarum

420 4061 633 4164 mata
652 4089 972 4184 Proppmaumtu
989 4083 1055 4167 fol.
1078 4083 1179 4168 Cccc
1196 4081 1395 4166 ult-Fffi
1409 4109 1432 4166 2
1454 4087 1551 4190 (pag.

425 4234 642 4338 578-597)
674 4232 921 4315 mentionem
954 4230 1052 4314 facit.
1119 4229 1275 4315 Titulus
1309 4231 1390 4336 ejus
1416 4230 1554 4337 plenus

422 4379 563 4486 longus
598 4398 666 4463 est.
735 4379 923 4462 Continet
962 4379 1070 4462 enim
1104 4397 1239 4486 praeter
1270 4395 1470 4461 tractatum
1505 4378 1552 4461 de
