4212 5558
966 627 1044 697 XIII

442 864 586 920 novam
613 837 761 920 stellam
789 837 1066 938 animadvertit,
1093 841 1240 935 aRynu
1259 863 1375 919 amne
1402 837 1572 938 (Ranae-

441 985 516 1087 Aa)
543 986 782 1093 percurritur.

526 1134 724 1216 Tractatus
751 1133 798 1216 de
825 1132 955 1241 eclipsi
982 1133 1086 1216 lunae
1106 1151 1144 1214 et
1162 1132 1291 1240 Elegia
1316 1133 1357 1216 ln
1387 1135 1570 1218 Uraniam

442 1283 558 1364 etiam
578 1283 618 1364 in
639 1282 716 1364 alio
737 1281 871 1364 codice
892 1281 1155 1387 manuscripto
1168 1281 1413 1364 bibliothecae
1427 1283 1572 1366 Vindo-

442 1429 629 1512 bonensis
668 1447 816 1512 exstant
856 1455 1023 1511 numero
1061 1432 1218 1512 10686¹⁷
1250 1430 1412 1535 signato,
1453 1459 1571 1539 quem

442 1579 572 1684 ipsum
599 1604 755 1684 quoque
782 1578 946 1659 Hauniae
974 1576 1175 1660 consulere
1201 1578 1414 1684 potuimus.
1455 1579 1499 1660 In
1524 1606 1573 1662 eo

442 1725 619 1832 quaedam
648 1743 792 1809 mutata
819 1745 857 1808 et
885 1723 1062 1830 adjuncta
1081 1743 1183 1826 sunt,
1210 1744 1249 1808 et
1268 1724 1474 1832 longitudo
1496 1725 1573 1810 loci

442 1900 464 1955 a
489 1874 752 1980 Regiomonte
779 1873 971 1957 Borussiae
998 1874 1206 1956 assumitur
1227 1873 1287 1962 'la'
1308 1873 1431 1978 major
1456 1901 1572 1981 quam

443 2023 484 2104 in
511 2021 611 2103 libro
637 2023 827 2130 impresso
854 2042 892 2104 et
918 2023 958 2104 in
986 2021 1121 2104 codice
1149 2023 1412 2129 manuscripto
1437 2049 1572 2129 10932.

444 2169 579 2253 Codex
617 2173 775 2253 10686¹⁷
810 2197 930 2252 manu
956 2169 1159 2276 Tychonis
1195 2169 1356 2276 scriptus
1393 2199 1475 2254 non
1504 2191 1572 2274 est,

443 2317 510 2400 sed
526 2338 637 2400 notas
651 2318 797 2424 aliquot
811 2345 930 2400 manu
945 2316 1149 2424 Tychonis
1164 2317 1406 2424 neglegenter
1419 2321 1574 2428 scriptas

444 2466 567 2548 habet.
621 2467 679 2548 Ex
705 2466 825 2572 signis
852 2466 893 2547 in
922 2465 1094 2571 margine
1121 2466 1257 2571 positis
1285 2467 1464 2574 notisque
1495 2468 1575 2574 qui-

445 2613 607 2696 busdam
654 2613 700 2696 ad
746 2613 1029 2722 typographum
1077 2613 1356 2720 pertinentibus
1402 2633 1576 2698 constare

443 2762 593 2845 videtur
619 2763 797 2845 codicem
825 2761 935 2844 illum
962 2762 1063 2868 typis
1090 2760 1323 2844 destinatum
1352 2761 1479 2846 fuisse.

547 2913 591 2993 In
625 2915 856 2990 aunum
888 2915 1101 2990 Instaurant
1135 2915 1458 3009 flammeam
1488 2910 1578 2994 loco

444 3061 521 3166 jam
556 3059 671 3142 citato
704 3057 844 3166 Tycho
877 3059 958 3164 ipse
1000 3057 1210 3162 iuvenilem
1243 3085 1361 3140 suum
1396 3058 1443 3141 de
1477 3086 1579 3142 nova

445 3208 551 3291 stella
576 3207 718 3289 librum
746 3207 879 3289 critico
905 3205 1051 3312 judicio
1079 3205 1242 3310 subjicit.
1288 3205 1473 3290 »Diffiten‘
1494 3234 1577 3290 non

447 3383 647 3464 possum«,
675 3355 812 3462 inquit,
845 3353 972 3461 »quod
999 3353 1201 3460 aliquoties
1233 3380 1297 3438 me
1324 3355 1434 3438 istius
1461 3354 1580 3463 publi·

447 3504 610 3587 cationis
650 3502 878 3609 paenituerit,
924 3529 1007 3583 non
1048 3500 1155 3608 quod
1200 3529 1243 3584 ea
1281 3529 1368 3609 quae
1407 3503 1581 3584 contine·

447 3652 585 3735 bantur
628 3651 817 3758 praecipua
856 3677 902 3732 ex
942 3669 1043 3757 parte
1083 3650 1153 3732 rite
1197 3667 1370 3732 constare
1413 3650 1581 3732 incertus

448 3826 586 3900 essem,
606 3798 673 3882 sed
692 3797 797 3905 quod
815 3824 886 3905 pro
904 3799 958 3880 rei
975 3825 1092 3904 quam
1106 3796 1282 3880 tractabat
1297 3797 1583 3902 magnificentia

449 3975 532 4030 non
567 3947 754 4029 omnibus
789 3947 869 4029 suis
902 3945 1069 4053 partibus
1103 3947 1192 4027 satis
1225 3944 1436 4027 luculenter
1470 3963 1582 4051 atque

449 4094 572 4178 solide
599 4093 833 4176 elaboratum
859 4111 979 4191 esset;
1015 4093 1225 4200 praesertim
1252 4119 1371 4192 vero,¹
1392 4092 1581 4199 quoniam

450 4241 627 4349 quaedam
668 4269 749 4324 non
791 4242 922 4346 magni
962 4241 1157 4323 momenti
1191 4268 1238 4323 ex
1273 4239 1414 4323 eodem
1450 4239 1583 4324 Diario

450 4389 651 4496 sartagines
677 4389 1011 4496 adjungebantur«
1082 4389 1233 4495 Repetit
1259 4387 1404 4472 ibidem
1432 4387 1479 4471 ad
1505 4415 1583 4470 ver·
