4212 5558
980 616 1029 685 XI

435 824 657 908 Tractatum
686 825 733 908 de
765 825 895 933 eclipsi
928 826 1032 908 lunae
1059 825 1121 908 die
1149 830 1183 910 8.
1212 826 1440 910 Decembris
1471 853 1564 933 1573

435 973 570 1074 futura,
611 974 677 1082 qui
717 975 758 1056 in
803 974 902 1057 libro
942 975 1132 1080 impresso
1170 1003 1192 1057 a
1227 974 1293 1057 fol.
1336 977 1373 1058 H
1414 976 1570 1081 incipit3

434 1121 501 1204 fol.
531 1125 580 1205 68
609 1124 750 1205 ...ln
779 1123 963 1206 Uraniam
992 1123 1162 1229 Elegiam
1197 1124 1374 1223 auctoris
1410 1149 1495 1229 quae
1528 1123 1568 1204 in

436 1269 535 1352 libro
562 1270 752 1376 impresso
779 1300 801 1355 a
825 1270 891 1354 fol.
919 1272 951 1355 L
978 1272 1124 1377 incipit.

522 1418 602 1500 Fol.
635 1442 680 1525 52
709 1418 756 1501 ad
782 1418 904 1502 finem
934 1447 1053 1502 manu
1074 1419 1278 1526 Tychonis
1308 1419 1445 1525 scripta
1466 1437 1568 1501 sunt.

436 1566 660 1671 Figurarum
699 1567 820 1672 ipsius
856 1565 963 1650 diarii
998 1567 1236 1649 constructio
1270 1568 1311 1648 in
1348 1565 1570 1672 praefatione

437 1714 653 1819 explicatur.
696 1715 1033 1821 Octogonicarum
1060 1715 1301 1822 zyzygiarum
1329 1715 1411 1797 caeli
1439 1714 1570 1820 figurae

437 1889 507 1969 pro
541 1863 703 1968 singulis
738 1862 949 1963 mensibus,
991 1891 1077 1971 quae
1112 1883 1204 1947 octo
1239 1882 1391 1946 tantum
1428 1863 1573 1946 domos

438 2009 685 2117 Tychonicas
719 2013 935 2112 continent,
972 2012 1140 2120 quadrati
1173 2012 1341 2095 formam
1369 2011 1571 2110 exhibent;

437 2157 569 2264 figurae
594 2185 687 2241 vero
714 2159 760 2243 ad
790 2179 1005 2270 quartarum
1035 2161 1127 2243 anni
1155 2179 1297 2242 statum
1327 2162 1570 2266 pertinentes,

438 2334 524 2413 quae
558 2307 768 2390 duodecim
803 2307 947 2390 domos
979 2307 1227 2415 Tychonicas
1259 2308 1471 2407 continent,
1506 2309 1573 2390 cir·

439 2455 605 2539 cularem
632 2458 801 2539 formam
828 2455 1021 2556 exhibent,
1050 2475 1088 2538 et
1114 2456 1284 2538 omnino
1308 2455 1454 2539 similes
1481 2475 1572 2538 sunt

438 2603 570 2710 figurae
597 2604 681 2687 libri
708 2604 774 2688 fol.
802 2606 845 2687 E.
900 2606 944 2687 In
973 2604 1043 2687 hac
1069 2604 1189 2710 figura
1206 2603 1343 2709 gradus
1370 2622 1407 2686 et
1428 2605 1571 2687 minuti

438 2753 756 2836 circumferentiae
792 2753 922 2836 circuli
963 2753 1139 2859 adscripti
1180 2751 1324 2835 limites
1357 2752 1571 2835 domorum

439 2900 707 2984 duodenarum
735 2903 776 2984 in
805 2920 993 3009 aequatore
1017 2902 1214 3002 denotant,
1245 2902 1353 3006 signa
1379 2919 1508 2983 autem
1536 2919 1573 2982 et

436 3048 573 3155 gradus
600 3051 703 3155 juxta
728 3050 847 3133 lineas
874 3069 992 3132 rectas
1019 3051 1155 3156 scripta
1187 3049 1233 3132 ad
1265 3049 1408 3131 limites
1434 3048 1572 3130 domo·

438 3224 526 3279 rum
551 3216 632 3280 tam
659 3197 928 3283 duodenarum
955 3226 1072 3306 quam
1097 3216 1374 3304 octogenarum
1399 3198 1439 3278 in
1461 3195 1571 3302 eclip-

438 3346 513 3428 tica
539 3347 742 3452 pertinent.

524 3495 568 3576 ln
601 3493 807 3600 exemplari
841 3495 1104 3601 manuscripto
1136 3495 1255 3593 diarii,
1290 3493 1396 3600 quod
1429 3491 1570 3598 Tycho

440 3668 575 3724 mense
606 3642 711 3747 Maio
746 3643 993 3727 MDLXXlII
1019 3643 1067 3725 ad
1097 3643 1320 3746 Johannem
1348 3642 1570 3722 Pratensem

439 3790 634 3872 Hauniam
667 3790 976 3896 imprimendum
1004 3793 1121 3892 misit,
1156 3790 1332 3897 quaedam
1363 3807 1572 3870 mutaverat

438 3954 477 4018 et
514 3937 745 4044 adjunxerat
787 3939 955 4021 maxime
995 3966 1041 4021 ex
1081 3937 1414 4022 observationibus
1456 3965 1570 4021 novae

438 4085 556 4168 stellae
591 4085 637 4170 ab
671 4087 831 4169 ineunte
858 4113 964 4169 anno
991 4114 1112 4193 usque
1139 4087 1185 4169 ad
1214 4113 1393 4169 mensem
1420 4087 1569 4191 Majum

439 4232 677 4341 deprompta.
743 4234 858 4318 Unde
891 4234 1034 4318 factum
1069 4254 1136 4334 est,
1171 4254 1214 4318 ut
1239 4233 1334 4317 liber
1360 4236 1569 4341 impressus
