4212 5558
1090 612 1123 680 X

539 850 642 905 nova
680 823 786 905 stella
823 822 894 904 alia
931 822 1062 904 multa.
1128 820 1224 904 Non
1264 817 1310 901 ab
1351 818 1437 924 ipso
1478 817 1671 925 Tychone

538 970 664 1053 editus
697 991 763 1070 est,
800 970 868 1052 sed
902 996 990 1052 cura
1023 969 1138 1050 amici
1170 967 1251 1073 ejus
1276 972 1450 1047 Jobnmia
1475 971 1669 1066 stanton,

539 1119 763 1226 professoris
802 1118 1007 1200 medicinae
1041 1115 1289 1215 Hauniensis,
1331 1143 1352 1198 e
1394 1118 1669 1224 manuscripto,

539 1267 644 1374 quod
665 1267 806 1374 Tycho
827 1265 873 1348 ad
895 1292 986 1347 eum
1008 1265 1171 1346 miserat.
1219 1262 1342 1359 Quod
1364 1267 1670 1387 manuscriptum

539 1415 702 1497 diarium
723 1413 918 1522 quoddam
941 1432 1018 1496 erat
1035 1413 1127 1494 anni
1154 1412 1402 1494 MDLXXIII
1420 1413 1498 1517 jam
1513 1414 1672 1499 ineunte

538 1591 644 1645 anno
669 1562 895 1669 aTychone
913 1561 1147 1660 absolutum,
1176 1561 1238 1642 cui
1265 1559 1386 1642 diario
1412 1579 1589 1645 tractatus
1610 1564 1671 1646 De

539 1713 653 1796 Nova
686 1710 800 1794 Stella
833 1710 960 1816 paullo
994 1727 1081 1792 ante
1108 1708 1266 1791 initium
1293 1709 1385 1791 anni
1413 1709 1514 1792 illius
1541 1713 1670 1817 primo

538 1859 619 1941 visa
646 1857 823 1965 praefixus
850 1877 937 1940 erat.

479 2091 483 2104 ,
625 2007 754 2090 Exstat
794 2005 986 2112 exemplar
1026 2005 1333 2111 manuscriptum
1375 2006 1456 2112 ejus
1487 2006 1595 2090 diarii
1629 2009 1670 2092 in

539 2135 771 2240 bibliotheca
802 2155 988 2262 imperiali
1014 2154 1316 2237 Vindobonensi
1352 2181 1518 2238 numero
1549 2183 1671 2264 1⁰93²

539 2306 745 2410 signatum,
767 2330 846 2411 quo
862 2303 1066 2410 exemplari
1081 2301 1297 2383 liberalitate
1316 2301 1524 2407 praesidum
1538 2303 1673 2388 biblio·

539 2454 661 2536 thecae
687 2450 1009 2534 Vindobonensis
1043 2451 1207 2532 Hauniae
1241 2451 1297 2532 uti
1331 2449 1449 2532 licuit.
1516 2450 1672 2535 Titulus

540 2603 621 2708 ejus
649 2620 720 2683 est:
761 2569 958 2681 »Diarium
995 2597 1268 2704 astrologicum
1303 2617 1341 2681 et
1373 2599 1672 2707 metheorologi·

538 2776 631 2832 cum
672 2747 763 2830 anni
802 2776 824 2830 a
859 2766 949 2830 nato
983 2746 1139 2830 Christo
1177 2772 1270 2854 1573
1314 2747 1361 2830 ad
1400 2746 1477 2832 loci
1509 2748 1674 2855 longitu-

538 2897 673 2980 dinem
699 2896 888 3002 graduum
918 2920 977 3003 35,
1005 2894 1248 2978 latitudinem
1275 2895 1464 3001 graduum
1494 2901 1553 3003 56.
1601 2898 1673 2980 Ac-

540 3045 653 3127 cessit
685 3062 861 3127 tractatus
896 3044 943 3126 de
971 3071 1073 3126 nova
1103 3043 1267 3150 quadam
1301 3063 1338 3126 et
1365 3045 1544 3127 inusitata
1569 3045 1674 3128 stella

539 3221 625 3299 quae
651 3194 754 3299 juxta
779 3192 902 3274 finem
929 3193 1022 3273 anni
1050 3191 1300 3298 praecedentis
1332 3193 1428 3275 nulli
1456 3221 1541 3274 aevo
1569 3193 1673 3299 prius

538 3359 745 3446 conspecta
771 3366 944 3445 apparere
971 3340 1119 3444 caepit«.
1175 3340 1377 3422 Continet:

642 3486 723 3568 Fol.
752 3514 825 3568 2..
848 3486 1141 3570 .Praefationem
1170 3487 1295 3570 diarii:
1335 3487 1511 3595 »Inclytis
1538 3488 1673 3572 utrius-

540 3662 615 3742 que
631 3702 638 3717 .
657 3702 664 3717 .
683 3702 690 3716 .
709 3670 755 3735 .‹,
793 3661 878 3741 quae
914 3634 955 3716 in
992 3634 1090 3716 libro
1126 3635 1315 3740 impresso
1352 3653 1440 3741 post
1471 3655 1672 3720 tractatum

540 3782 587 3864 de
615 3810 718 3864 nova
744 3781 849 3865 stella
875 3783 999 3887 posita
1026 3801 1102 3880 est;
1130 3781 1195 3864 tol.
1229 3810 1276 3865 10
1293 3847 1301 3865 .
1319 3849 1351 3864 ..
1374 3782 1596 3867 Tractatum
1625 3785 1672 3867 de

543 3959 645 4013 nova
667 3930 782 4029 stella,
798 3931 864 4037 qui
884 3931 925 4011 in
950 3928 1047 4048 libro
1070 3931 1258 4036 impresso
1281 3931 1546 4036 praefationem
1567 3931 1671 4015 illam

540 4078 735 4186 praecedit;
764 4077 830 4161 fol.
860 4105 910 4182 24
933 4080 1147 4184 ..Ipsum
1168 4079 1344 4178 diarium,
1373 4078 1479 4185 quod
1506 4081 1547 4162 in
1574 4079 1673 4162 libro

540 4228 729 4333 impresso
770 4227 964 4308 omissum
999 4245 1056 4308 est
1095 4229 1146 4327 (v.
1180 4225 1265 4308 libri
1291 4225 1357 4308 fol.
1387 4227 1435 4310 G.
1467 4225 1564 4329 ult),
1605 4228 1672 4310 sed

541 4375 649 4481 cujus
676 4401 832 4457 summa
863 4375 903 4456 in
937 4373 1158 4482 praelatione
1192 4375 1415 4481 exponitur;
1452 4373 1517 4458 tol.
1548 4399 1595 4482 52
1612 4442 1620 4458 .
1638 4441 1672 4458 ..
